@article{riskAnalysis,
    author = {AlSalem, Thanaa Saad and Almaiah, Mohammed Amin and Lutfi, Abdalwali},
    title = {Cybersecurity Risk Analysis in the IoT: A Systematic Review},
    journal = {Electronics},
    VOLUME = {12},
    YEAR = {2023},
    NUMBER = {18},
    ARTICLE-NUMBER = {3958},
    URL = {https://www.mdpi.com/2079-9292/12/18/3958},
    year = {2023}
}

@article{predictiveMaintenance,
    author = {Sherien Elkateb and Ahmed Métwalli and Abdelrahman Shendy and Ahmed E.B. Abu-Elanien},
    title = {Machine learning and IoT – Based predictive maintenance approach for industrial applications},
    journal = {Alexandria Engineering Journal},
    volume = {88},
    pages = {298-309},
    year = {2024},
    url = {https://www.sciencedirect.com/science/article/pii/S1110016823011572}
}

@article{securingIOT,
title = {Securing the IoT Landscape: A Comprehensive Review of Secure Systems in the Digital Era},
journal = {e-Prime - Advances in Electrical Engineering, Electronics and Energy},
volume = {10},
pages = {100798},
year = {2024},
url = {https://www.sciencedirect.com/science/article/pii/S2772671124003784},
author = {Sri Ramya Siraparapu and S.M.A.K. Azad}
}

@book{Ids_Iot,
  author={Lee, Hyunwoo and Mudgerikar, Anand and Li, Ninghui and Bertino, Elisa},
  title={IoT for Defense and National Security}, 
  Chaptertitle={Intrusion Detection Systems for IoT}, 
  year={2023},
  pages={237-258}
}

@article{dataAugmentation,
title = {Data augmentation: A comprehensive survey of modern approaches},
journal = {Array},
volume = {16},
pages = {100258},
year = {2022},
url = {https://www.sciencedirect.com/science/article/pii/S2590005622000911},
author = {Alhassan Mumuni and Fuseini Mumuni}
}

@article{consDataAugmentation,
title = {A review: Data pre-processing and data augmentation techniques},
journal = {Global Transitions Proceedings},
volume = {3},
number = {1},
pages = {91-99},
year = {2022},
url = {https://www.sciencedirect.com/science/article/pii/S2666285X22000565},
author = {Kiran Maharana and Surajit Mondal and Bhushankumar Nemade}
}

@article{ GAN,
title = {Generative adversarial network: An overview of theory and applications},
journal = {International Journal of Information Management Data Insights},
volume = {1},
number = {1},
pages = {100004},
year = {2021},
url = {https://www.sciencedirect.com/science/article/pii/S2667096820300045},
author = {Alankrita Aggarwal and Mamta Mittal and Gopi Battineni}
}

@article{RNN,
title = {Fundamentals of Recurrent Neural Network (RNN) and Long Short-Term Memory (LSTM) network},
journal = {Physica D: Nonlinear Phenomena},
volume = {404},
pages = {132306},
year = {2020},
issn = {0167-2789},
doi = {https://doi.org/10.1016/j.physd.2019.132306},
url = {https://www.sciencedirect.com/science/article/pii/S0167278919305974},
author = {Alex Sherstinsky}
}

@article{AnomalyDetection,
    author = {S. Parhizkari},
    title = {Anomaly Detection in Intrusion Detection Systems},
    journal = {Artificial Intelligence. IntechOpen},
    year = {2024}
}

@article{DDoShield,
    author = {Simona De Vivo and Islam Obaidat and Dong Dai and Pietro Liguori},
    title = {DDOSHIELD-IoT: A Testbed for Simulating and Lightweight Detection of IoT Botnet DDoS Attacks},
    journal = {54th Annual IEEE/IFIP International Conference on Dependable Systems and Networks Workshops (DSN-W)},
    year = {2024}
}

@article{DDoSim,
    author = {Islam Obaidat and Bennett Kahn and Fatemeh Tavakoli and Meera Sridhar},
    title = {Creating a Large-scale Memory Error IoT Botnet Using NS3DockerEmulator},
    journal = {Proceedings of the 53rd Annual IEEE/IFIP International Conference on Dependable Systems and Networks (DSN)},
    year = {2023}
}


@book{DeepLearning,
  title={Deep Learning},
  author={Goodfellow I. and Bengio Y. and Courville, A. (2016)},
  year={2016},
  publisher={MIT Press}
}

@article{metricsReference,
    author = {Sokolova M and Lapalme G},
    title = {A systematic analysis of performance measures for classification tasks. },
    journal = {Information Processing \& Management},
    year = {2009}
}


@article{Ton_IoT,
    author = {Nour Moustafa},
    title = {A new distributed architecture for evaluating AI-based security systems at the edge: Network TON\_IoT datasets},
    journal = {Sustainable Cities and Society, Volume 72},
    year = {2021}
}

@article{K_Means,
    author = {Sabir S. and Ali S.},
    title = {Anomaly detection in network traffic using k-means clustering and DBSCAN.},
    journal = {International Journal of Computer Applications, 180(42).},
    year = {2018}
}

@article{RandomForest,
    author = {Li, Y. and Li, Y. and Wang, X.},
    title = {Anomaly-based intrusion detection system using random forest algorithm.},
    journal = {In Proceedings of the 2017 International Conference on Cyberworlds (CW) (pp. 38-42). IEEE.},
    year = {2017}
}


@article{CNN,
    author = {Jiang Y. and Zhang X. and Wang Y. },
    title = {Intrusion detection using deep learning with CNN.},
    journal = {In 2018 IEEE 3rd International Conference on Cloud Computing and Big Data Analysis (ICCCBDA) (pp. 368-373). IEEE.},
    year = {2018}
}











